@article{pregel_ori,
    title={Pregel: a system for large-scale graph processing},
    author={Malewicz, Grzegorz and Austern, Matthew H and Bik, Aart JC and Dehnert, James C and Horn, Ilan and Leiser, Naty and Czajkowski, Grzegorz},
    booktitle={Proceedings of the 2010 ACM SIGMOD International Conference on Management of data},
    pages={135--146},
    year={2010},
    organization={ACM}
}

